
@article{strong_lithological_2019,
	title = {Lithological control on the geomorphic evolution of the {Shillong} {Plateau} in {Northeast} {India}},
	volume = {330},
	url = {https://www.scopus.com/inward/record.uri?eid=2-s2.0-85061026510&doi=10.1016%2fj.geomorph.2019.01.016&partnerID=40&md5=5fedfef7b82f36f5583dbf4ba6b65018},
	doi = {10.1016/j.geomorph.2019.01.016},
	journal = {Geomorphology},
	author = {Strong, C.M. and Attal, M. and Mudd, S.M. and Sinclair, H.D.},
	year = {2019},
	pages = {133--150}
}

@article{gailleton_segmentation_2019,
	title = {A segmentation approach for the reproducible extraction and quantification of knickpoints from river long profiles},
	volume = {7},
	url = {https://www.scopus.com/inward/record.uri?eid=2-s2.0-85061897906&doi=10.5194%2fesurf-7-211-2019&partnerID=40&md5=6eb17ef9d2892dc64990a2876e53d316},
	doi = {10.5194/esurf-7-211-2019},
	number = {1},
	journal = {Earth Surface Dynamics},
	author = {Gailleton, B. and Mudd, S.M. and Clubb, F.J. and Peifer, D. and Hurst, M.D.},
	year = {2019},
	pages = {211--230}
}

@article{eger_does_2018,
	title = {Does soil erosion rejuvenate the soil phosphorus inventory?},
	volume = {332},
	url = {https://www.scopus.com/inward/record.uri?eid=2-s2.0-85049508273&doi=10.1016%2fj.geoderma.2018.06.021&partnerID=40&md5=9dbd97fe9a43c20cfb36473517c8997b},
	doi = {10.1016/j.geoderma.2018.06.021},
	journal = {Geoderma},
	author = {Eger, A. and Yoo, K. and Almond, P.C. and Boitt, G. and Larsen, I.J. and Condron, L.M. and Wang, X. and Mudd, S.M.},
	year = {2018},
	pages = {45--59}
}

@article{grieve_controls_2018,
	title = {Controls on {Zero}-{Order} {Basin} {Morphology}},
	volume = {123},
	url = {https://www.scopus.com/inward/record.uri?eid=2-s2.0-85058151663&doi=10.1029%2f2017JF004453&partnerID=40&md5=78f4df1d8a787645448fbeb9eb775b93},
	doi = {10.1029/2017JF004453},
	number = {12},
	journal = {Journal of Geophysical Research: Earth Surface},
	author = {Grieve, S.W.D. and Hales, T.C. and Parker, R.N. and Mudd, S.M. and Clubb, F.J.},
	year = {2018},
	pages = {3269--3291}
}

@article{codilean_octopus:_2018,
	title = {{OCTOPUS}: {An} open cosmogenic isotope and luminescence database},
	volume = {10},
	url = {https://www.scopus.com/inward/record.uri?eid=2-s2.0-85057744985&doi=10.5194%2fessd-10-2123-2018&partnerID=40&md5=9534040e150b87e57cd2c27f7764b7f1},
	doi = {10.5194/essd-10-2123-2018},
	number = {4},
	journal = {Earth System Science Data},
	author = {Codilean, A.T. and Munack, H. and Cohen, T.J. and Saktura, W.M. and Gray, A. and Mudd, S.M.},
	year = {2018},
	pages = {2123--2139}
}

@article{preston_sediment_2018,
	title = {Sediment accumulation in embayments controlled by bathymetric slope and wave energy: {Implications} for beach formation and persistence},
	volume = {43},
	url = {https://www.scopus.com/inward/record.uri?eid=2-s2.0-85047626851&doi=10.1002%2fesp.4405&partnerID=40&md5=31365e6ca6b86b658e48024da7cfe544},
	doi = {10.1002/esp.4405},
	number = {11},
	journal = {Earth Surface Processes and Landforms},
	author = {Preston, J. and Hurst, M.D. and Mudd, S.M. and Goodwin, G.C.H. and Newton, A.J. and Dugmore, A.J.},
	year = {2018},
	pages = {2421--2434}
}

@article{wang_storage_2018,
	title = {Storage and export of soil carbon and mineral surface area along an erosional gradient in the {Sierra} {Nevada}, {California}},
	volume = {321},
	url = {https://www.scopus.com/inward/record.uri?eid=2-s2.0-85041840313&doi=10.1016%2fj.geoderma.2018.02.008&partnerID=40&md5=e4df182d2757468564a320c6e5a70918},
	doi = {10.1016/j.geoderma.2018.02.008},
	journal = {Geoderma},
	author = {Wang, X. and Yoo, K. and Mudd, S.M. and Weinman, B. and Gutknecht, J. and Gabet, E.J.},
	year = {2018},
	pages = {151--163}
}

@article{mudd_how_2018,
	title = {How concave are river channels?},
	volume = {6},
	url = {https://www.scopus.com/inward/record.uri?eid=2-s2.0-85049230533&doi=10.5194%2fesurf-6-505-2018&partnerID=40&md5=7ff2b9e91724e154fbb8850d0f943698},
	doi = {10.5194/esurf-6-505-2018},
	number = {2},
	journal = {Earth Surface Dynamics},
	author = {Mudd, S.M. and Clubb, F.J. and Gailleton, B. and Hurst, M.D.},
	year = {2018},
	pages = {505--523}
}

@article{babault_source--sink_2018,
	title = {Source-to-sink constraints on tectonic and sedimentary evolution of the western {Central} {Range} and {Cenderawasih} {Bay} ({Indonesia})},
	volume = {156},
	url = {https://www.scopus.com/inward/record.uri?eid=2-s2.0-85044786469&doi=10.1016%2fj.jseaes.2018.02.004&partnerID=40&md5=f10f965eb18fa876f1395654587b23de},
	doi = {10.1016/j.jseaes.2018.02.004},
	journal = {Journal of Asian Earth Sciences},
	author = {Babault, J. and Viaplana-Muzas, M. and Legrand, X. and Van Den Driessche, J. and Gonz√°lez-Quijano, M. and Mudd, S.M.},
	year = {2018},
	pages = {265--287}
}

@article{goodwin_unsupervised_2018,
	title = {Unsupervised detection of salt marsh platforms: {A} topographic method},
	volume = {6},
	url = {https://www.scopus.com/inward/record.uri?eid=2-s2.0-85044780853&doi=10.5194%2fesurf-6-239-2018&partnerID=40&md5=a1d48abfbc8cd10ff1f2ddc325e95155},
	doi = {10.5194/esurf-6-239-2018},
	number = {1},
	journal = {Earth Surface Dynamics},
	author = {Goodwin, G.C.H. and Mudd, S.M. and Clubb, F.J.},
	year = {2018},
	pages = {239--255}
}

@article{clubb_geomorphometric_2017,
	title = {Geomorphometric delineation of floodplains and terraces from objectively defined topographic thresholds},
	volume = {5},
	url = {https://www.scopus.com/inward/record.uri?eid=2-s2.0-85022228857&doi=10.5194%2fesurf-5-369-2017&partnerID=40&md5=7b9137c8dc972bebd74f1027099645f7},
	doi = {10.5194/esurf-5-369-2017},
	number = {3},
	journal = {Earth Surface Dynamics},
	author = {Clubb, F.J. and Mudd, S.M. and Milodowski, D.T. and Valters, D.A. and Slater, L.J. and Hurst, M.D. and Limaye, A.B.},
	year = {2017},
	pages = {369--385}
}

@article{mudd_detection_2017,
	title = {Detection of transience in eroding landscapes},
	volume = {42},
	url = {https://www.scopus.com/inward/record.uri?eid=2-s2.0-84961843082&doi=10.1002%2fesp.3923&partnerID=40&md5=4e9c7309d39bd33be5e7e9a85c80c7ac},
	doi = {10.1002/esp.3923},
	number = {1},
	journal = {Earth Surface Processes and Landforms},
	author = {Mudd, S.M.},
	year = {2017},
	pages = {24--41}
}

@article{sinclair_squeezing_2017,
	title = {Squeezing river catchments through tectonics: {Shortening} and erosion across the {Indus} {Valley}, {NW} {Himalaya}},
	volume = {129},
	url = {https://www.scopus.com/inward/record.uri?eid=2-s2.0-85009789241&doi=10.1130%2fB31435.1&partnerID=40&md5=960d0fc7b915feb06e57989225daa3dc},
	doi = {10.1130/B31435.1},
	number = {1-2},
	journal = {Bulletin of the Geological Society of America},
	author = {Sinclair, H.D. and Mudd, S.M. and Dingle, E. and Hobley, D. and Robinson, R. and Walcott, R.},
	year = {2017},
	pages = {203--217}
}

@article{clubb_relationship_2016,
	title = {The relationship between drainage density, erosion rate, and hilltop curvature: {Implications} for sediment transport processes},
	volume = {121},
	url = {https://www.scopus.com/inward/record.uri?eid=2-s2.0-84990242613&doi=10.1002%2f2015JF003747&partnerID=40&md5=bae9cd18f4063086e64a23300db150d5},
	doi = {10.1002/2015JF003747},
	number = {10},
	journal = {Journal of Geophysical Research: Earth Surface},
	author = {Clubb, F.J. and Mudd, S.M. and Attal, M. and Milodowski, D.T. and Grieve, S.W.D.},
	year = {2016},
	pages = {1724--1745}
}

@article{parker_colluvium_2016,
	title = {Colluvium supply in humid regions limits the frequency of storm-triggered landslides},
	volume = {6},
	url = {https://www.scopus.com/inward/record.uri?eid=2-s2.0-84989838424&doi=10.1038%2fsrep34438&partnerID=40&md5=fc043b1196d7f5bd45d2cb9409e4a8b0},
	doi = {10.1038/srep34438},
	journal = {Scientific Reports},
	author = {Parker, R.N. and Hales, T.C. and Mudd, S.M. and Grieve, S.W.D. and Constantine, J.A.},
	year = {2016}
}

@article{harel_global_2016,
	title = {Global analysis of the stream power law parameters based on worldwide 10Be denudation rates},
	volume = {268},
	url = {https://www.scopus.com/inward/record.uri?eid=2-s2.0-84974621385&doi=10.1016%2fj.geomorph.2016.05.035&partnerID=40&md5=04ff944ee6420cb85822227c3ef01305},
	doi = {10.1016/j.geomorph.2016.05.035},
	journal = {Geomorphology},
	author = {Harel, M.-A. and Mudd, S.M. and Attal, M.},
	year = {2016},
	pages = {184--196}
}

@article{grieve_how_2016,
	title = {How does grid-resolution modulate the topographic expression of geomorphic processes?},
	volume = {4},
	url = {https://www.scopus.com/inward/record.uri?eid=2-s2.0-84981288172&doi=10.5194%2fesurf-4-627-2016&partnerID=40&md5=cc03ed6d0b9d5130aa2673d302d53ee9},
	doi = {10.5194/esurf-4-627-2016},
	number = {3},
	journal = {Earth Surface Dynamics},
	author = {Grieve, S.W.D. and Mudd, S.M. and Milodowski, D.T. and Clubb, F.J. and Furbish, D.J.},
	year = {2016},
	pages = {627--653}
}

@article{grieve_how_2016-1,
	title = {How long is a hillslope?},
	volume = {41},
	url = {https://www.scopus.com/inward/record.uri?eid=2-s2.0-84954181085&doi=10.1002%2fesp.3884&partnerID=40&md5=b3553c9a4b8fb12bef6ad87aa6f2948f},
	doi = {10.1002/esp.3884},
	number = {8},
	journal = {Earth Surface Processes and Landforms},
	author = {Grieve, S.W.D. and Mudd, S.M. and Hurst, M.D.},
	year = {2016},
	pages = {1039--1054}
}

@article{grieve_nondimensional_2016,
	title = {A nondimensional framework for exploring the relief structure of landscapes},
	volume = {4},
	url = {https://www.scopus.com/inward/record.uri?eid=2-s2.0-84966455381&doi=10.5194%2fesurf-4-309-2016&partnerID=40&md5=93978ac7f18be799428ada9e8e2992d9},
	doi = {10.5194/esurf-4-309-2016},
	number = {2},
	journal = {Earth Surface Dynamics},
	author = {Grieve, S.W.D. and Mudd, S.M. and Hurst, M.D. and Milodowski, D.T.},
	year = {2016},
	pages = {309--325}
}

@article{milodowski_topographic_2015,
	title = {Topographic roughness as a signature of the emergence of bedrock in eroding landscapes},
	volume = {3},
	url = {https://www.scopus.com/inward/record.uri?eid=2-s2.0-84944741676&doi=10.5194%2fesurf-3-483-2015&partnerID=40&md5=8c4f2656fc222bed3f2e9bbf0493dabe},
	doi = {10.5194/esurf-3-483-2015},
	number = {4},
	journal = {Earth Surface Dynamics},
	author = {Milodowski, D.T. and Mudd, S.M. and Mitchard, E.T.A.},
	year = {2015},
	pages = {483--499}
}

@article{gabet_local_2015,
	title = {Local topography and erosion rate control regolith thickness along a ridgeline in the {Sierra} {Nevada}, {California}},
	volume = {40},
	url = {https://www.scopus.com/inward/record.uri?eid=2-s2.0-84943361642&doi=10.1002%2fesp.3754&partnerID=40&md5=40148dd9b2b11129f40b65319e87ebbf},
	doi = {10.1002/esp.3754},
	number = {13},
	journal = {Earth Surface Processes and Landforms},
	author = {Gabet, E.J. and Mudd, S.M. and Milodowski, D.T. and Yoo, K. and Hurst, M.D. and Dosseto, A.},
	year = {2015},
	pages = {1779--1790}
}

@article{clubb_reply_2015,
	title = {Reply to comment by {P}. {Passalacqua} and {E}. {Foufoula}-{Georgiou} on "objective extraction of channel heads from high-resolution topographic data"},
	volume = {51},
	url = {https://www.scopus.com/inward/record.uri?eid=2-s2.0-85028140990&doi=10.1002%2f2014WR016603&partnerID=40&md5=f3ebe3936c76a4081a20765bce0d550a},
	doi = {10.1002/2014WR016603},
	number = {2},
	journal = {Water Resources Research},
	author = {Clubb, F. and Mudd, S. and Milodowski, D.},
	year = {2015},
	pages = {1377--1379}
}

@article{milodowski_erosion_2015,
	title = {Erosion rates as a potential bottom-up control of forest structural characteristics in the {Sierra} {Nevada} {Mountains}},
	volume = {96},
	url = {https://www.scopus.com/inward/record.uri?eid=2-s2.0-84924684801&doi=10.1890%2f14-0649.1&partnerID=40&md5=834125d3d943a80507d335eee7e5db75},
	doi = {10.1890/14-0649.1},
	number = {1},
	journal = {Ecology},
	author = {Milodowski, D.T. and Mudd, S.M. and Mitchard, E.T.A.},
	year = {2015},
	pages = {31--38}
}

@article{devrani_prediction_2015,
	title = {Prediction of flash flood hazard impact from {Himalayan} river profiles},
	volume = {42},
	url = {https://www.scopus.com/inward/record.uri?eid=2-s2.0-84938984405&doi=10.1002%2f2015GL063784&partnerID=40&md5=a1ec1c420967c828837f4f725afb57cb},
	doi = {10.1002/2015GL063784},
	number = {14},
	journal = {Geophysical Research Letters},
	author = {Devrani, R. and Singh, V. and Mudd, S.M. and Sinclair, H.D.},
	year = {2015},
	pages = {5888--5894}
}

@article{attal_impact_2015,
	title = {Impact of change in erosion rate and landscape steepness on hillslope and fluvial sediments grain size in the {Feather} {River} basin ({Sierra} {Nevada}, {California})},
	volume = {3},
	url = {https://www.scopus.com/inward/record.uri?eid=2-s2.0-85006410464&doi=10.5194%2fesurf-3-201-2015&partnerID=40&md5=4385b63bcf9cb3d84669519f4e8f18f6},
	doi = {10.5194/esurf-3-201-2015},
	number = {1},
	journal = {Earth Surface Dynamics},
	author = {Attal, M. and Mudd, S.M. and Hurst, M.D. and Weinman, B. and Yoo, K. and Naylor, M.},
	year = {2015},
	pages = {201--222}
}

@article{clubb_objective_2014,
	title = {Objective extraction of channel heads from high-resolution topographic data},
	volume = {50},
	url = {https://www.scopus.com/inward/record.uri?eid=2-s2.0-84902371066&doi=10.1002%2f2013WR015167&partnerID=40&md5=a8aff6f9a5ef354c7506d497b771ff13},
	doi = {10.1002/2013WR015167},
	number = {5},
	journal = {Water Resources Research},
	author = {Clubb, F.J. and Mudd, S.M. and Milodowski, D.T. and Hurst, M.D. and Slater, L.J.},
	year = {2014},
	pages = {4283--4304}
}

@article{mudd_statistical_2014,
	title = {A statistical framework to quantify spatial variation in channel gradients using the integral method of channel profile analysis},
	volume = {119},
	url = {https://www.scopus.com/inward/record.uri?eid=2-s2.0-84895550013&doi=10.1002%2f2013JF002981&partnerID=40&md5=a762031ce745a0467cfaff7fe5ab522b},
	doi = {10.1002/2013JF002981},
	number = {2},
	journal = {Journal of Geophysical Research: Earth Surface},
	author = {Mudd, S.M. and Attal, M. and Milodowski, D.T. and Grieve, S.W.D. and Valters, D.A.},
	year = {2014},
	pages = {138--152}
}

@article{johnson_quantifying_2014,
	title = {Quantifying the rate and depth dependence of bioturbation based on optically-stimulated luminescence ({OSL}) dates and meteoric 10 {Be}},
	volume = {39},
	url = {https://www.scopus.com/inward/record.uri?eid=2-s2.0-84903981222&doi=10.1002%2fesp.3520&partnerID=40&md5=6ff56340dd8671c0de2706267354b4a2},
	doi = {10.1002/esp.3520},
	number = {9},
	journal = {Earth Surface Processes and Landforms},
	author = {Johnson, M.O. and Mudd, S.M. and Pillans, B. and Spooner, N.A. and Keith Fifield, L. and Kirkby, M.J. and Gloor, M.},
	year = {2014},
	pages = {1188--1196}
}

@article{hoffmann_short_2013,
	title = {Short {Communication}: {Humans} and the missing {C}-sink: {Erosion} and burial of soil carbon through time},
	volume = {1},
	url = {https://www.scopus.com/inward/record.uri?eid=2-s2.0-84923865283&doi=10.5194%2fesurf-1-45-2013&partnerID=40&md5=cd222a0942cfae991143883fe2e1ed5f},
	doi = {10.5194/esurf-1-45-2013},
	number = {1},
	journal = {Earth Surface Dynamics},
	author = {Hoffmann, T. and Mudd, S.M. and Van Oost, K. and Verstraeten, G. and Erkens, G. and Lang, A. and Middelkoop, H. and Boyle, J. and Kaplan, J.O. and Willenbring, J. and Aalto, R.},
	year = {2013},
	pages = {45--52}
}

@article{hurst_influence_2013,
	title = {Influence of lithology on hillslope morphology and response to tectonic forcing in the northern {Sierra} {Nevada} of {California}},
	volume = {118},
	url = {https://www.scopus.com/inward/record.uri?eid=2-s2.0-84880712261&doi=10.1002%2fjgrf.20049&partnerID=40&md5=0e30044d3e9f5c3c2b75eb8a387d381e},
	doi = {10.1002/jgrf.20049},
	number = {2},
	journal = {Journal of Geophysical Research: Earth Surface},
	author = {Hurst, M.D. and Mudd, S.M. and Yoo, K. and Attal, M. and Walcott, R.},
	year = {2013},
	pages = {832--851}
}

@incollection{mudd_influence_2013,
	title = {Influence of {Chemical} {Weathering} on {Hillslope} {Forms}},
	volume = {7},
	url = {https://www.scopus.com/inward/record.uri?eid=2-s2.0-84903417120&doi=10.1016%2fB978-0-12-374739-6.00148-2&partnerID=40&md5=1a5afd7131c1534f608e197e4f22befc},
	booktitle = {Treatise on {Geomorphology}},
	author = {Mudd, S.M. and Yoo, K. and Gabet, E.J.},
	editor = {Shroder, J. F.},
	year = {2013},
	doi = {10.1016/B978-0-12-374739-6.00148-2},
	pages = {56--65}
}

@article{hurst_hillslopes_2013,
	title = {Hillslopes record the growth and decay of landscapes},
	volume = {341},
	url = {https://www.scopus.com/inward/record.uri?eid=2-s2.0-84882792685&doi=10.1126%2fscience.1241791&partnerID=40&md5=736bd5fe13a2feab6a2e3a88cddc78ea},
	doi = {10.1126/science.1241791},
	number = {6148},
	journal = {Science},
	author = {Hurst, M.D. and Mudd, S.M. and Attal, M. and Hilley, G.},
	year = {2013},
	pages = {868--871}
}

@article{constantine_limits_2012,
	title = {Limits of windthrow-driven hillslope sediment flux due to varying storm frequency and intensity},
	volume = {175-176},
	url = {https://www.scopus.com/inward/record.uri?eid=2-s2.0-84866373408&doi=10.1016%2fj.geomorph.2012.06.022&partnerID=40&md5=edc6bf31c60f3451f5686a989725eb7c},
	doi = {10.1016/j.geomorph.2012.06.022},
	journal = {Geomorphology},
	author = {Constantine, J.A. and Schelhaas, M.-J. and Gabet, E. and Mudd, S.M.},
	year = {2012},
	pages = {66--73}
}

@article{kirwan_response_2012,
	title = {Response of salt-marsh carbon accumulation to climate change},
	volume = {489},
	url = {https://www.scopus.com/inward/record.uri?eid=2-s2.0-84866841576&doi=10.1038%2fnature11440&partnerID=40&md5=8a59c13e341d7ff50060e02289097985},
	doi = {10.1038/nature11440},
	number = {7417},
	journal = {Nature},
	author = {Kirwan, M.L. and Mudd, S.M.},
	year = {2012},
	pages = {550--553}
}

@article{bilotta_assessing_2012,
	title = {Assessing the significance of soil erosion},
	volume = {37},
	url = {https://www.scopus.com/inward/record.uri?eid=2-s2.0-84862306974&doi=10.1111%2fj.1475-5661.2011.00497.x&partnerID=40&md5=a79ccd19af96edf707f11fef777e8911},
	doi = {10.1111/j.1475-5661.2011.00497.x},
	number = {3},
	journal = {Transactions of the Institute of British Geographers},
	author = {Bilotta, G.S. and Grove, M. and Mudd, S.M.},
	year = {2012},
	pages = {342--345}
}

@article{hobley_reconstruction_2012,
	title = {Reconstruction of a major storm event from its geomorphic signature: {The} {Ladakh} floods, 6 {August} 2010},
	volume = {40},
	url = {https://www.scopus.com/inward/record.uri?eid=2-s2.0-84864302043&doi=10.1130%2fG32935.1&partnerID=40&md5=76c7bbec33f2bc2fae11087d5fdfb58a},
	doi = {10.1130/G32935.1},
	number = {6},
	journal = {Geology},
	author = {Hobley, D.E.J. and Sinclair, H.D. and Mudd, S.M.},
	year = {2012},
	pages = {483--486}
}

@article{hurst_using_2012,
	title = {Using hilltop curvature to derive the spatial distribution of erosion rates},
	volume = {117},
	url = {https://www.scopus.com/inward/record.uri?eid=2-s2.0-84861308600&doi=10.1029%2f2011JF002057&partnerID=40&md5=64a825f1f4858c195c8b0889dd1a7303},
	doi = {10.1029/2011JF002057},
	number = {2},
	journal = {Journal of Geophysical Research: Earth Surface},
	author = {Hurst, M.D. and Mudd, S.M. and Walcott, R. and Attal, M. and Yoo, K.},
	year = {2012}
}

@article{ghahramani_field_2012,
	title = {Field experiments constraining the probability distribution of particle travel distances during natural rainstorms on different slope gradients},
	volume = {37},
	url = {https://www.scopus.com/inward/record.uri?eid=2-s2.0-84857740830&doi=10.1002%2fesp.2253&partnerID=40&md5=ff3552950485e28df4fb5ef14b9434d4},
	doi = {10.1002/esp.2253},
	number = {5},
	journal = {Earth Surface Processes and Landforms},
	author = {Ghahramani, A. and Yoshiharu, I. and Mudd, S.M.},
	year = {2012},
	pages = {473--485}
}

@article{fagherazzi_numerical_2012,
	title = {Numerical models of salt marsh evolution: {Ecological}, geomorphic, and climatic factors},
	volume = {50},
	url = {https://www.scopus.com/inward/record.uri?eid=2-s2.0-84855611580&doi=10.1029%2f2011RG000359&partnerID=40&md5=f56bf528f80128c9f559336d3ae1ccbd},
	doi = {10.1029/2011RG000359},
	number = {1},
	journal = {Reviews of Geophysics},
	author = {Fagherazzi, S. and Kirwan, M.L. and Mudd, S.M. and Guntenspergen, G.R. and Temmerman, S. and D'Alpaos, A. and Van De Koppel, J. and Rybczyk, J.M. and Reyes, E. and Craft, C. and Clough, J.},
	year = {2012}
}

@article{dalpaos_dynamic_2011,
	title = {Dynamic response of marshes to perturbations in suspended sediment concentrations and rates of relative sea level rise},
	volume = {116},
	url = {https://www.scopus.com/inward/record.uri?eid=2-s2.0-81255210907&doi=10.1029%2f2011JF002093&partnerID=40&md5=c76baa654c5aa6bbd07a412a7a23300b},
	doi = {10.1029/2011JF002093},
	number = {4},
	journal = {Journal of Geophysical Research: Earth Surface},
	author = {D'Alpaos, A. and Mudd, S.M. and Carniello, L.},
	year = {2011}
}

@article{hobley_field_2011,
	title = {Field calibration of sediment flux dependent river incision},
	volume = {116},
	url = {https://www.scopus.com/inward/record.uri?eid=2-s2.0-80755180931&doi=10.1029%2f2010JF001935&partnerID=40&md5=850a91fd64fda8a87a6b15fdf509e059},
	doi = {10.1029/2010JF001935},
	number = {4},
	journal = {Journal of Geophysical Research: Earth Surface},
	author = {Hobley, D.E.J. and Sinclair, H.D. and Mudd, S.M. and Cowie, P.A.},
	year = {2011}
}

@article{yoo_evolution_2011,
	title = {Evolution of hillslope soils: {The} geomorphic theater and the geochemical play},
	volume = {26},
	url = {https://www.scopus.com/inward/record.uri?eid=2-s2.0-79955979406&doi=10.1016%2fj.apgeochem.2011.03.054&partnerID=40&md5=b34c86514c7dff3d421fa78dbe471dc4},
	doi = {10.1016/j.apgeochem.2011.03.054},
	number = {SUPPL.},
	journal = {Applied Geochemistry},
	author = {Yoo, K. and Weinman, B. and Mudd, S.M. and Hurst, M. and Attal, M. and Maher, K.},
	year = {2011},
	pages = {S149--S153}
}

@article{mudd_life_2011,
	title = {The life and death of salt marshes in response to anthropogenic disturbance of sediment supply},
	volume = {39},
	url = {https://www.scopus.com/inward/record.uri?eid=2-s2.0-79954616113&doi=10.1130%2ffocus052011.1&partnerID=40&md5=94341deba5c738501f69c6f9a99443d9},
	doi = {10.1130/focus052011.1},
	number = {5},
	journal = {Geology},
	author = {Mudd, S.M.},
	year = {2011},
	pages = {511--512}
}

@article{gabet_bedrock_2010,
	title = {Bedrock erosion by root fracture and tree throw: {A} coupled biogeomorphic model to explore the humped soil production function and the persistence of hillslope soils},
	volume = {115},
	url = {https://www.scopus.com/inward/record.uri?eid=2-s2.0-77958132664&doi=10.1029%2f2009JF001526&partnerID=40&md5=0f3d8f188fc2b1deacccd1ebce65f713},
	doi = {10.1029/2009JF001526},
	number = {4},
	journal = {Journal of Geophysical Research: Earth Surface},
	author = {Gabet, E.J. and Mudd, S.M.},
	year = {2010}
}

@article{kirwan_limits_2010,
	title = {Limits on the adaptability of coastal marshes to rising sea level},
	volume = {37},
	url = {https://www.scopus.com/inward/record.uri?eid=2-s2.0-78649813543&doi=10.1029%2f2010GL045489&partnerID=40&md5=dc77a45b462c57bdfcae97e04f6394af},
	doi = {10.1029/2010GL045489},
	number = {23},
	journal = {Geophysical Research Letters},
	author = {Kirwan, M.L. and Guntenspergen, G.R. and D'Alpaos, A. and Morris, J.T. and Mudd, S.M. and Temmerman, S.},
	year = {2010}
}

@article{mudd_reservoir_2010,
	title = {Reservoir theory for studying the geochemical evolution of soils},
	volume = {115},
	url = {https://www.scopus.com/inward/record.uri?eid=2-s2.0-77956313467&doi=10.1029%2f2009JF001591&partnerID=40&md5=60982a85c8f18f56d461c42be79b61be},
	doi = {10.1029/2009JF001591},
	number = {3},
	journal = {Journal of Geophysical Research: Earth Surface},
	author = {Mudd, S.M. and Yoo, K.},
	year = {2010}
}

@article{mudd_how_2010,
	title = {How does vegetation affect sedimentation on tidal marshes? {Investigating} particle capture and hydrodynamic controls on biologically mediated sedimentation},
	volume = {115},
	url = {https://www.scopus.com/inward/record.uri?eid=2-s2.0-77956330081&doi=10.1029%2f2009JF001566&partnerID=40&md5=57684c76955fae9f8f286e6dfdf63233},
	doi = {10.1029/2009JF001566},
	number = {3},
	journal = {Journal of Geophysical Research: Earth Surface},
	author = {Mudd, S.M. and D'Alpaos, A. and Morris, J.T.},
	year = {2010}
}

@article{dunne_rain_2010,
	title = {A rain splash transport equation assimilating field and laboratory measurements},
	volume = {115},
	url = {https://www.scopus.com/inward/record.uri?eid=2-s2.0-77249137952&doi=10.1029%2f2009JF001302&partnerID=40&md5=d3a9eae1d064e386d043098dac30ec2e},
	doi = {10.1029/2009JF001302},
	number = {1},
	journal = {Journal of Geophysical Research: Earth Surface},
	author = {Dunne, T. and Malmon, D.V. and Mudd, S.M.},
	year = {2010}
}

@article{yoo_spatial_2009,
	title = {Spatial patterns and controls of soil chemical weathering rates along a transient hillslope},
	volume = {288},
	url = {https://www.scopus.com/inward/record.uri?eid=2-s2.0-70449526704&doi=10.1016%2fj.epsl.2009.09.021&partnerID=40&md5=516261fdae77c2a7ef7265ac72d8bca2},
	doi = {10.1016/j.epsl.2009.09.021},
	number = {1-2},
	journal = {Earth and Planetary Science Letters},
	author = {Yoo, K. and Mudd, S.M. and Sanderman, J. and Amundson, R. and Blum, A.},
	year = {2009},
	pages = {184--193}
}

@article{gabet_theoretical_2009,
	title = {A theoretical model coupling chemical weathering rates with denudation rates},
	volume = {37},
	url = {https://www.scopus.com/inward/record.uri?eid=2-s2.0-65449152038&doi=10.1130%2fG25270A.1&partnerID=40&md5=5c979c245ff76941fa9210d3f1d573eb},
	doi = {10.1130/G25270A.1},
	number = {2},
	journal = {Geology},
	author = {Gabet, E.J. and Mudd, S.M.},
	year = {2009},
	pages = {151--154}
}

@article{bo_gamburtsev_2009,
	title = {The {Gamburtsev} mountains and the origin and early evolution of the {Antarctic} {Ice} {Sheet}},
	volume = {459},
	url = {https://www.scopus.com/inward/record.uri?eid=2-s2.0-66649120289&doi=10.1038%2fnature08024&partnerID=40&md5=b4b0ef0801425c6ff05f5997e32e8c59},
	doi = {10.1038/nature08024},
	number = {7247},
	journal = {Nature},
	author = {Bo, S. and Siegert, M.J. and Mudd, S.M. and Sugden, D. and Fujita, S. and Xiangbin, C. and Yunyun, J. and Xueyuan, T. and Yuansheng, L.},
	year = {2009},
	pages = {690--693}
}

@article{mudd_impact_2009,
	title = {Impact of dynamic feedbacks between sedimentation, sea-level rise, and biomass production on near-surface marsh stratigraphy and carbon accumulation},
	volume = {82},
	url = {https://www.scopus.com/inward/record.uri?eid=2-s2.0-62949124203&doi=10.1016%2fj.ecss.2009.01.028&partnerID=40&md5=090bc79fe14cba0d1c779bdbe06f2e81},
	doi = {10.1016/j.ecss.2009.01.028},
	number = {3},
	journal = {Estuarine, Coastal and Shelf Science},
	author = {Mudd, S.M. and Howell, S.M. and Morris, J.T.},
	year = {2009},
	pages = {377--389}
}

@article{yoo_toward_2008,
	title = {Toward process-based modeling of geochemical soil formation across diverse landforms: {A} new mathematical framework},
	volume = {146},
	url = {https://www.scopus.com/inward/record.uri?eid=2-s2.0-48149108040&doi=10.1016%2fj.geoderma.2008.05.029&partnerID=40&md5=30ee98660a376905159a02e1bac48bdb},
	doi = {10.1016/j.geoderma.2008.05.029},
	number = {1-2},
	journal = {Geoderma},
	author = {Yoo, K. and Mudd, S.M.},
	year = {2008},
	pages = {248--260}
}

@article{yoo_discrepancy_2008,
	title = {Discrepancy between mineral residence time and soil age: {Implications} for the interpretation of chemical weathering rates},
	volume = {36},
	url = {https://www.scopus.com/inward/record.uri?eid=2-s2.0-38349082582&doi=10.1130%2fG24285A.1&partnerID=40&md5=594888238dd09ec76155d9e76adaedea},
	doi = {10.1130/G24285A.1},
	number = {1},
	journal = {Geology},
	author = {Yoo, K. and Mudd, S.M.},
	year = {2008},
	pages = {35--38}
}

@article{mudd_responses_2007,
	title = {Responses of soil-mantled hillslopes to transient channel incision rates},
	volume = {112},
	url = {https://www.scopus.com/inward/record.uri?eid=2-s2.0-36248951019&doi=10.1029%2f2006JF000516&partnerID=40&md5=1bbef062c37307dddd33784af3c7de50},
	doi = {10.1029/2006JF000516},
	number = {3},
	journal = {Journal of Geophysical Research: Earth Surface},
	author = {Mudd, S.M. and Furbish, D.J.},
	year = {2007}
}

@article{mudd_reply_2007,
	title = {Reply to "{Comment} on '{Investigation} of the hydrodynamics of flash floods in ephemeral channels: {Scaling} analysis and simulation using a shock-capturing flow model incorporating the effects of transmission losses' by {S}.{M}. {Mudd}, 2006 ({Journal} of {Hydrology}) 324, 65-79" by {Cao} and {Yue}},
	volume = {336},
	url = {https://www.scopus.com/inward/record.uri?eid=2-s2.0-33847631592&doi=10.1016%2fj.jhydrol.2006.11.008&partnerID=40&md5=7c45ca888e5cc5db2c02bb97dc3e9307},
	doi = {10.1016/j.jhydrol.2006.11.008},
	number = {1-2},
	journal = {Journal of Hydrology},
	author = {Mudd, S.M.},
	year = {2007},
	pages = {226--230}
}

@article{furbish_rain_2007,
	title = {Rain splash of dry sand revealed by high-speed imaging and sticky paper splash targets},
	volume = {112},
	url = {https://www.scopus.com/inward/record.uri?eid=2-s2.0-34249732010&doi=10.1029%2f2006JF000498&partnerID=40&md5=85a9608e3718f9db373a35f47392a6ef},
	doi = {10.1029/2006JF000498},
	number = {1},
	journal = {Journal of Geophysical Research: Earth Surface},
	author = {Furbish, D.J. and Hammer, K.K. and Schmeeckle, M. and Borosund, M.N. and Mudd, S.M.},
	year = {2007}
}

@article{dalpaos_modeling_2006,
	title = {Modeling the influence of hydroperiod and vegetation on the cross-sectional formation of tidal channels},
	volume = {69},
	url = {https://www.scopus.com/inward/record.uri?eid=2-s2.0-33748467966&doi=10.1016%2fj.ecss.2006.05.002&partnerID=40&md5=b8a7fbc6f5f02ba1384826c2634f5d80},
	doi = {10.1016/j.ecss.2006.05.002},
	number = {3-4},
	journal = {Estuarine, Coastal and Shelf Science},
	author = {D'Alpaos, A. and Lanzoni, S. and Mudd, S.M. and Fagherazzi, S.},
	year = {2006},
	pages = {311--324}
}

@article{mudd_using_2006,
	title = {Using chemical tracers in hillslope soils to estimate the importance of chemical denudation under conditions of downslope sediment transport},
	volume = {111},
	url = {https://www.scopus.com/inward/record.uri?eid=2-s2.0-34047227420&doi=10.1029%2f2005JF000343&partnerID=40&md5=02dfdf6f39b07b676e96f495f6cabfc7},
	doi = {10.1029/2005JF000343},
	number = {2},
	journal = {Journal of Geophysical Research: Earth Surface},
	author = {Mudd, S.M. and Furbish, D.J.},
	year = {2006}
}

@article{mudd_investigation_2006,
	title = {Investigation of the hydrodynamics of flash floods in ephemeral channels: {Scaling} analysis and simulation using a shock-capturing flow model incorporating the effects of transmission losses},
	volume = {324},
	url = {https://www.scopus.com/inward/record.uri?eid=2-s2.0-33747379907&doi=10.1016%2fj.jhydrol.2005.09.012&partnerID=40&md5=bf909d4ccfde9dded448acdf8d04f2e4},
	doi = {10.1016/j.jhydrol.2005.09.012},
	number = {1-4},
	journal = {Journal of Hydrology},
	author = {Mudd, S.M.},
	year = {2006},
	pages = {65--79}
}

@article{gabet_mobilization_2006,
	title = {The mobilization of debris flows from shallow landslides},
	volume = {74},
	url = {https://www.scopus.com/inward/record.uri?eid=2-s2.0-32644441990&doi=10.1016%2fj.geomorph.2005.08.013&partnerID=40&md5=91ba0c6bc152d776f87bccf5092a7f8d},
	doi = {10.1016/j.geomorph.2005.08.013},
	number = {1-4},
	journal = {Geomorphology},
	author = {Gabet, E.J. and Mudd, S.M.},
	year = {2006},
	pages = {207--218}
}

@article{mudd_lateral_2005,
	title = {Lateral migration of hillcrests in response to channel incision in soil-mantled landscapes},
	volume = {110},
	url = {https://www.scopus.com/inward/record.uri?eid=2-s2.0-33947543311&doi=10.1029%2f2005JF000313&partnerID=40&md5=06413f1e3322ffd75d9e02edc53388a9},
	doi = {10.1029/2005JF000313},
	number = {4},
	journal = {Journal of Geophysical Research: Earth Surface},
	author = {Mudd, S.M. and Furbish, D.J.},
	year = {2005}
}

@article{sinclair_detrital_2019,
	title = {Detrital cosmogenic {Ne}-21 records decoupling of source-to-sink signals by sediment storage and recycling in {Miocene} to present rivers of the {Great} {Plains}, {Nebraska}, {USA}},
	volume = {47},
	issn = {0091-7613},
	doi = {10.1130/G45391.1},
	abstract = {The preservation of conglomerates far from mountainous sources is commonly interpreted in terms of tectonic or climatic forcing. To relate a depositional signal to changing conditions in source areas, the process and duration of sediment routing from source to sink need to be determined. For the first time, we quantified sediment transport histories using cosmogenic Ne-21 in quartzite pebbles from modern river gravels and Neogene conglomerates from the modern and ancient North Platte River of the Great Plains of Nebraska, United States. We demonstrate that at similar to 400 km distance from the Front Ranges of the Rocky Mountains, the majority of pebbles were stored in older channel deposits for up to several millions of years before being recycled; this was enabled by very slow to zero basin subsidence rates. This implies that upstream tectonic or climatic controls on surface processes were decoupled from the downstream depositional record-a result supported by the similarities in cosmogenic Ne-21 values among Miocene, Pliocene, and modern river channel pebbles despite known changes in tectonic and climatic forcing.},
	language = {English},
	number = {1},
	journal = {Geology},
	author = {Sinclair, H. D. and Stuart, F. M. and Mudd, S. M. and McCann, L. and Tao, Z.},
	month = jan,
	year = {2019},
	note = {WOS:000454902700003},
	keywords = {basins, be-10, colorado, erosion rates, exposure ages, foreland, surface},
	pages = {3--6}
}

@incollection{mudd_salt_2016,
	address = {Cambridge},
	title = {Salt {Marsh} {Ecosystems}: {Tidal} {Flow}, {Vegetation}, and {Carbon} {Dynamics}},
	isbn = {978-1-107-04670-2},
	language = {English},
	booktitle = {A {Biogeoscience} {Approach} to {Ecosystems}},
	publisher = {Cambridge Univ Press},
	author = {Mudd, Simon M. and Fagherazzi, Sergio},
	editor = {Johnson, E. A. and Martin, Y. E.},
	year = {2016},
	note = {WOS:000412227500013},
	keywords = {biogenic silica, coastal wetlands, cordgrass spartina-alterniflora, new-england, nitrogen loads, plant   zonation, relative importance, sea-level rise, south-carolina, venice lagoon},
	pages = {407--434}
}

@article{mudd_quantifying_2014,
	series = {Geochemistry of the {Earth}'s surface {GES}-10 {Paris} {France}, 18-23 {August}, 2014.},
	title = {Quantifying {Geomorphic} {Controls} on {Time} in {Weathering} {Systems}},
	volume = {10},
	issn = {1878-5220},
	url = {http://www.sciencedirect.com/science/article/pii/S1878522014000952},
	doi = {10.1016/j.proeps.2014.08.033},
	abstract = {The time minerals spend in the weathering zone is crucial in determining soil biogeochemical cycles, solid state chemistry and soil texture. This length of time is closely related to erosion rates and can be modulated by sediment transport, mixing rates within the soil and the temporal evolution of erosion. Here we describe how time length can be approximated using geomorphic metrics and how topography reveals changing residence times of minerals within soils. We also show model simulations from a field site in California that can reproduce observed solid state geochemistry in the eroding portion of the landscape.},
	urldate = {2019-03-23},
	journal = {Procedia Earth and Planetary Science},
	author = {Mudd, Simon M. and Yoo, Kyungsoo and Weinman, Beth},
	month = jan,
	year = {2014},
	keywords = {Chemical weathering, erosion, topography},
	pages = {249--253},
	file = {Full Text:C\:\\Users\\smudd\\Zotero\\storage\\C4UTTBAB\\Mudd et al. - 2014 - Quantifying Geomorphic Controls on Time in Weather.pdf:application/pdf;ScienceDirect Snapshot:C\:\\Users\\smudd\\Zotero\\storage\\WEEVI4UM\\S1878522014000952.html:text/html}
}

@article{mudd_influence_2004,
	title = {Influence of chemical denudation on hillslope morphology},
	volume = {109},
	issn = {0148-0227},
	doi = {10.1029/2003JF000087},
	abstract = {[1] Models of hillslope evolution involving diffusion-like sediment transport are conventionally presented as an equation in which the changes in land-surface elevation or soil thickness are balanced by the divergence of soil transport and tectonic uplift, soil production, or both. These models typically do not include the loss or gain of mass in hillslope soils due to processes of chemical weathering and deposition. We formulate a more general depth-integrated equation for the conservation of soil mass on a hillslope that includes a term representing chemical deposition or denudation. This general depth-integrated equation is then simplified to determine the one-dimensional form of a steady state hillslope which experiences both mechanical and chemical denudation. The differences in morphology between hillslopes only experiencing diffusion-like mechanical sediment transport and hillslopes experiencing both diffusion-like mechanical sediment transport and chemical denudation are explored. Under the conditions of a downslope increase in local soil lowering rate due to chemical weathering the hillslope profile will depart from the parabolic shape predicted by models that incorporate only linear diffusion-like mechanical sediment transport. In addition, hillslopes that experience both chemical and mechanical denudation may have a convex-concave profile at steady state. A necessary condition for such steady state profiles is that the chemical denudation rate must exceed the mechanical denudation rate. We further suggest that combinations of other physical parameter values ( such as total denudation rate, average soil depth, sediment diffusivity, and the increase in soil depth away from the divide) that lead to steady state convex-concave hillslope profiles may exist in a wide variety of natural settings.},
	language = {English},
	number = {F2},
	journal = {Journal of Geophysical Research-Earth Surface},
	author = {Mudd, S. M. and Furbish, D. J.},
	month = apr,
	year = {2004},
	note = {WOS:000224570100001},
	keywords = {active tectonics, equilibrium, erosion, evolution, hillslope geomorphology, landscape morphology, model, sediment transport, slope development, soil production, steady state landscapes, weathering, weathering   rates},
	pages = {F02001},
	file = {Full Text:C\:\\Users\\smudd\\Zotero\\storage\\J5J4MAH2\\Mudd and Furbish - 2004 - Influence of chemical denudation on hillslope morp.pdf:application/pdf}
}

@incollection{mudd_flow_2004,
	title = {Flow, sedimentation, and biomass production on a vegetated salt marsh in {South} {Carolina}: {Toward} a predictive model of marsh morphologic and ecologic evolution},
	volume = {59},
	shorttitle = {Flow, sedimentation, and biomass production on a vegetated salt marsh in {South} {Carolina}},
	language = {English},
	booktitle = {Ecogeomorphology of {Tidal} {Marshes}},
	author = {Mudd, S. M. and Fagherazzi, S. and Morris, J. T. and Furbish, D. J.},
	editor = {Fagherazzi, Sergio and Marani, Marco and Blum, L. K.},
	year = {2004},
	note = {CCC:000229208000009},
	pages = {165--188}
}